%% This BibTeX bibliography file in UTF-8 format was created using Papers.
%% http://mekentosj.com/papers/

@article{Vorontsov:2006p2924,
author = {Anton Vorontsov and Matthias Graf}, 
journal = {Phys. Rev. B},
title = {Fermi-liquid effects in the Fulde-Ferrell-Larkin-Ovchinnikov state of two-dimensional d-wave superconductors},
number = {17},
pages = {172504},
volume = {74},
year = {2006},
month = {Nov},
date-added = {2013-08-27 23:18:21 -0600},
date-modified = {2013-08-27 23:18:29 -0600},
doi = {10.1103/PhysRevB.74.172504},
URL = {http://prb.aps.org.proxybz.lib.montana.edu/abstract/PRB/v74/i17/e172504},
local-url = {file://localhost/Users/anton/Documents/Papers/2006/Vorontsov/Vorontsov_Fermi-liquid%20effects%20in%20the%20Fulde-Ferrell-Larkin-Ovchinnikov_Phys.%20Rev.%20B_74_172504_2006-1.pdf},
uri = {papers://B64023C5-2E47-4161-9947-6F43185120A6/Paper/p2924},
rating = {0}
}

